<record><leader>00000cas a2200000 a 4500</leader><controlfield tag="001">8575605</controlfield><controlfield tag="008">820706d19281937nyuwr ne      0    0eng c</controlfield><datafield ind1=" " ind2=" " tag="010"><subfield code="a">sn 86077201 </subfield></datafield><datafield ind1=" " ind2=" " tag="040"><subfield code="a">CRL</subfield><subfield code="b">eng</subfield><subfield code="c">CRL</subfield><subfield code="d">NPA</subfield><subfield code="d">YOX</subfield><subfield code="d">NJW</subfield><subfield code="d">CRL</subfield><subfield code="d">NYS</subfield><subfield code="d">EYM</subfield><subfield code="d">NVF</subfield><subfield code="d">IUL</subfield><subfield code="d">NYS</subfield><subfield code="d">WIH</subfield><subfield code="d">OCLCQ</subfield><subfield code="d">OCLCF</subfield><subfield code="d">OCLCO</subfield><subfield code="d">NOC</subfield></datafield><datafield ind1=" " ind2=" " tag="042"><subfield code="a">pcc</subfield></datafield><datafield ind1=" " ind2=" " tag="043"><subfield code="a">n-us-ny</subfield></datafield><datafield ind1="0" ind2="0" tag="245"><subfield code="a">New leader with which is combined the American appeal</subfield><subfield code="h">[serial].</subfield></datafield><datafield ind1="3" ind2="0" tag="246"><subfield code="a">American appeal</subfield></datafield><datafield ind1="1" ind2="3" tag="246"><subfield code="a">New leader and American appeal</subfield></datafield><datafield ind1="1" ind2="7" tag="246"><subfield code="a">New leader</subfield></datafield><datafield ind1=" " ind2=" " tag="260"><subfield code="a">New York, N.Y. :</subfield><subfield code="b">New Leader Pub. Association,</subfield><subfield code="c">1928-1937.</subfield></datafield><datafield ind1=" " ind2=" " tag="300"><subfield code="a">14 v.</subfield></datafield><datafield ind1=" " ind2=" " tag="310"><subfield code="a">Weekly</subfield></datafield><datafield ind1=" " ind2=" " tag="336"><subfield code="a">text</subfield><subfield code="b">txt</subfield><subfield code="2">rdacontent</subfield></datafield><datafield ind1=" " ind2=" " tag="337"><subfield code="a">unmediated</subfield><subfield code="b">n</subfield><subfield code="2">rdamedia</subfield></datafield><datafield ind1=" " ind2=" " tag="338"><subfield code="a">volume</subfield><subfield code="b">nc</subfield><subfield code="2">rdacarrier</subfield></datafield><datafield ind1="0" ind2=" " tag="362"><subfield code="a">Vol. 7, no. 43 (Oct. 13, 1928)-v. 20, no. 35 (Aug. 28, 1937).</subfield></datafield><datafield ind1=" " ind2=" " tag="520"><subfield code="a">"An official publication of the Socialist Party supports the struggles of the organized working class."</subfield></datafield><datafield ind1=" " ind2=" " tag="530"><subfield code="a">Also issued on microfilm by the New York Public Library and University Microfilms International.</subfield></datafield><datafield ind1=" " ind2=" " tag="580"><subfield code="a">Merger of: New leader (New York, N.Y. : 1924); and: American appeal.</subfield></datafield><datafield ind1=" " ind2="0" tag="650"><subfield code="a">Socialism</subfield><subfield code="z">United States</subfield><subfield code="v">Newspapers.</subfield></datafield><datafield ind1=" " ind2="0" tag="651"><subfield code="a">New York (N.Y.)</subfield><subfield code="v">Newspapers.</subfield></datafield><datafield ind1=" " ind2="0" tag="651"><subfield code="a">New York County (N.Y.)</subfield><subfield code="v">Newspapers.</subfield></datafield><datafield ind1=" " ind2="7" tag="650"><subfield code="a">Socialism.</subfield><subfield code="2">fast</subfield><subfield code="0">(OCoLC)fst01123637</subfield></datafield><datafield ind1=" " ind2="7" tag="651"><subfield code="a">New York (State)</subfield><subfield code="z">New York.</subfield><subfield code="2">fast</subfield><subfield code="0">(OCoLC)fst01204333</subfield></datafield><datafield ind1=" " ind2="7" tag="651"><subfield code="a">New York (State)</subfield><subfield code="z">New York County.</subfield><subfield code="2">fast</subfield><subfield code="0">(OCoLC)fst01234953</subfield></datafield><datafield ind1=" " ind2="7" tag="651"><subfield code="a">United States.</subfield><subfield code="2">fast</subfield><subfield code="0">(OCoLC)fst01204155</subfield></datafield><datafield ind1=" " ind2="7" tag="655"><subfield code="a">Newspapers.</subfield><subfield code="2">fast</subfield><subfield code="0">(OCoLC)fst01423814</subfield></datafield><datafield ind1="2" ind2=" " tag="710"><subfield code="a">Socialist Party (U.S.)</subfield></datafield><datafield ind1=" " ind2=" " tag="752"><subfield code="a">United States</subfield><subfield code="b">New York</subfield><subfield code="c">New York</subfield><subfield code="d">New York.</subfield></datafield><datafield ind1="1" ind2="4" tag="780"><subfield code="t">New leader (New York, N.Y. : 1924)</subfield><subfield code="w">(DLC)sn 84031494</subfield><subfield code="w">(OCoLC)8575547</subfield></datafield><datafield ind1="1" ind2="4" tag="780"><subfield code="t">American appeal</subfield><subfield code="w">(DLC)sn 93062955</subfield><subfield code="w">(OCoLC)20772748</subfield></datafield><datafield ind1="0" ind2="0" tag="785"><subfield code="t">New leader (New York, N.Y. : 1935)</subfield><subfield code="w">(DLC)sn 78001721</subfield><subfield code="w">(OCoLC)1643783</subfield></datafield><datafield ind1="1" ind2=" " tag="029"><subfield code="a">AU@</subfield><subfield code="b">000004809675</subfield></datafield></record>